<record><leader>00000cas a2200000 a 4500</leader><controlfield tag="001">53433684</controlfield><controlfield tag="007">hd afb---baca</controlfield><controlfield tag="007">hd bfb---baaa</controlfield><controlfield tag="008">031110d19101925nyuwr nea     0   h0lad c</controlfield><datafield ind1=" " ind2=" " tag="010"><subfield code="a">sn2008058037</subfield></datafield><datafield ind1=" " ind2=" " tag="040"><subfield code="a">NYP</subfield><subfield code="b">eng</subfield><subfield code="c">NYP</subfield><subfield code="d">OCLCQ</subfield><subfield code="d">DLC</subfield><subfield code="d">MBB</subfield><subfield code="d">OCLCQ</subfield><subfield code="d">OCLCF</subfield><subfield code="d">OCLCO</subfield></datafield><datafield ind1=" " ind2=" " tag="066"><subfield code="c">(2</subfield></datafield><datafield ind1="0" ind2=" " tag="041"><subfield code="a">lad</subfield><subfield code="a">yid</subfield></datafield><datafield ind1=" " ind2=" " tag="042"><subfield code="a">pcc</subfield></datafield><datafield ind1=" " ind2=" " tag="043"><subfield code="a">n-us---</subfield></datafield><datafield ind1="0" ind2="0" tag="050"><subfield code="a">Newspaper</subfield></datafield><datafield ind1="1" ind2="4" tag="050"><subfield code="a">AP91</subfield><subfield code="b">.A55</subfield></datafield><datafield ind1="0" ind2=" " tag="130"><subfield code="a">Amerik&#803;ah (New York : 1915)</subfield></datafield><datafield ind1="1" ind2="4" tag="245"><subfield code="6">880-01</subfield><subfield code="a">Lah Amerik&#803;ah.</subfield><subfield code="h">[microform] =</subfield><subfield code="b">La America.</subfield></datafield><datafield ind1="1" ind2="3" tag="246"><subfield code="a">America</subfield></datafield><datafield ind1="3" ind2=" " tag="246"><subfield code="a">Oriental Spanish-Jewish Journal</subfield></datafield><datafield ind1=" " ind2=" " tag="260"><subfield code="a">New York :</subfield><subfield code="b">[Ladino Publ. Co.],</subfield><subfield code="c">1910-1925.</subfield></datafield><datafield ind1=" " ind2=" " tag="300"><subfield code="a">15 v. ;</subfield><subfield code="c">fol.</subfield></datafield><datafield ind1=" " ind2=" " tag="310"><subfield code="a">Weekly</subfield></datafield><datafield ind1="0" ind2=" " tag="362"><subfield code="a">Vol. 1, no. 1(Nov. 11, 1910)-v. 15, no. 706 (July 3, 1925).</subfield></datafield><datafield ind1=" " ind2=" " tag="500"><subfield code="6">880-02</subfield><subfield code="a">&quot;Z'urnal G'udio-Espaniyol orient&#803;al.&quot;</subfield></datafield><datafield ind1=" " ind2=" " tag="500"><subfield code="a">Editor: M.S. Gadol (Nov. 11, 1910-Nov. 16, 1923).</subfield></datafield><datafield ind1=" " ind2=" " tag="546"><subfield code="a">Text mainly in Ladino with some articles in Yiddish.</subfield></datafield><datafield ind1=" " ind2=" " tag="533"><subfield code="a">Microfilm.</subfield><subfield code="m">vol. 1, no. 1(Nov. 11, 1910)-vol. 15, no. 706 (July 3, 1925).</subfield><subfield code="b">New York :</subfield><subfield code="c">New York public Library,</subfield><subfield code="d">19--].</subfield><subfield code="e">4 microfilm reels ; 35 mm.</subfield><subfield code="n">(MN: *ZZAN-1125).</subfield></datafield><datafield ind1=" " ind2="0" tag="650"><subfield code="a">Sephardim</subfield><subfield code="z">United States</subfield><subfield code="v">Newspapers.</subfield></datafield><datafield ind1=" " ind2="0" tag="650"><subfield code="a">Jewish newspapers</subfield><subfield code="z">United States.</subfield></datafield><datafield ind1=" " ind2="7" tag="655"><subfield code="a">Newspapers.</subfield><subfield code="2">fast</subfield><subfield code="0">(OCoLC)fst01423814</subfield></datafield><datafield ind1=" " ind2="7" tag="650"><subfield code="a">Jewish newspapers.</subfield><subfield code="2">fast</subfield><subfield code="0">(OCoLC)fst00982872</subfield></datafield><datafield ind1=" " ind2="7" tag="650"><subfield code="a">Sephardim.</subfield><subfield code="2">fast</subfield><subfield code="0">(OCoLC)fst01112767</subfield></datafield><datafield ind1=" " ind2="7" tag="651"><subfield code="a">United States.</subfield><subfield code="2">fast</subfield><subfield code="0">(OCoLC)fst01204155</subfield></datafield><datafield ind1="1" ind2=" " tag="700"><subfield code="a">Gadol, M. S.</subfield></datafield><datafield ind1=" " ind2=" " tag="752"><subfield code="a">United States</subfield><subfield code="b">New York</subfield><subfield code="c">New York</subfield><subfield code="d">New York.</subfield></datafield><datafield ind1="1" ind2="3" tag="880"><subfield code="6">245-01/(2/r</subfield><subfield code="a">&#8207;&#1500;&#1492; &#1488;&#1502;&#1497;&#1512;&#1497;&#1511;&#1492;.&#8207;</subfield><subfield code="h">&#8207;[microform] =&#8207;</subfield><subfield code="b">&#8207;La America.</subfield></datafield><datafield ind1=" " ind2=" " tag="880"><subfield code="6">500-02/(2/r</subfield><subfield code="a">&#8207;&#1524;&#1494;&#1523;&#1493;&#1512;&#1504;&#1488;&#1500; &#1490;&#1523;&#1493;&#1491;&#1497;&#1488;&#1493;&#1470;&#1488;&#1497;&#1505;&#1508;&#1488;&#1504;&#1497;&#1497;&#1493;&#1500; &#1488;&#1493;&#1512;&#1497;&#1497;&#1504;&#1496;&#1488;&#1500;&#1524;.</subfield></datafield></record>